<record xmlns="http://www.loc.gov/MARC21/slim" xmlns:xsi="http://www.w3.org/2001/XMLSchema-instance" xsi:schemaLocation="http://www.loc.gov/MARC21/slim http://www.loc.gov/standards/marcxml/schema/MARC21slim.xsd"><leader>01996nam a2200361   4500</leader><controlfield tag="001">002854073</controlfield><controlfield tag="003">NNU</controlfield><controlfield tag="006">m        d        </controlfield><controlfield tag="007">cr cn |||m|||a</controlfield><controlfield tag="008">150223s1949    ir      o     000 0 ara d</controlfield><datafield ind1=" " ind2=" " tag="040"><subfield code="a">NNU</subfield><subfield code="b">eng</subfield><subfield code="e">rda</subfield><subfield code="c">NNU</subfield></datafield><datafield ind1="1" ind2=" " tag="100"><subfield code="6">880-01</subfield><subfield code="a">Abu&#772; al-Fad&#803;l al-T&#803;ihra&#772;ni&#772;, Mi&#772;rza&#772;,</subfield><subfield code="d">-1898.</subfield></datafield><datafield ind1="1" ind2="0" tag="240"><subfield code="6">880-02</subfield><subfield code="a">Poems</subfield></datafield><datafield ind1="1" ind2="0" tag="245"><subfield code="6">880-03</subfield><subfield code="a">Di&#772;wa&#772;n Mi&#772;rza&#772; Abi&#772; al-Fad&#803;l al-T&#803;ihra&#772;ni&#772; /</subfield><subfield code="c">dawwanahu wa-rattabahu wa-hadhdhabahu wa-&#699;allaqa h&#803;awa&#772;shi&#772;hi wa-qaddama lahu wa-&#699;uniya&#769; bi-tas&#803;h&#803;i&#772;h&#803; t&#803;ab&#699;ah Jala&#772;l al-Di&#772;n al-H&#803;usayni&#772; al-mushtahar bi al-Muh&#803;addith.</subfield></datafield><datafield ind1=" " ind2=" " tag="260"><subfield code="6">880-04</subfield><subfield code="a">T&#803;ihra&#772;n :</subfield><subfield code="b">Jalab-i Rangi&#772;n,</subfield><subfield code="c">1369 [1949]</subfield></datafield><datafield ind1=" " ind2=" " tag="300"><subfield code="a">online resource (408 pages)</subfield></datafield><datafield ind1=" " ind2=" " tag="336"><subfield code="a">text</subfield><subfield code="2">rdacontent</subfield></datafield><datafield ind1=" " ind2=" " tag="337"><subfield code="a">computer</subfield><subfield code="2">rdamedia</subfield></datafield><datafield ind1=" " ind2=" " tag="338"><subfield code="a">online resource</subfield><subfield code="2">rdacarrier</subfield></datafield><datafield ind1=" " ind2=" " tag="500"><subfield code="a">Part of the Arabic Collections Online (ACO) project, contributed by New York Univeristy Libraries.</subfield></datafield><datafield ind1=" " ind2=" " tag="533"><subfield code="a">Electronic reproduction.</subfield><subfield code="b">New York, N.Y. :</subfield><subfield code="c">New York University,</subfield><subfield code="d">2015.</subfield><subfield code="5">NNU</subfield></datafield><datafield ind1="1" ind2=" " tag="700"><subfield code="6">880-05</subfield><subfield code="a">Muh&#803;addis&#818;, Jala&#772;l al-Di&#772;n H&#803;usayni&#772;</subfield></datafield><datafield ind1="2" ind2=" " tag="710"><subfield code="a">New York University.</subfield><subfield code="b">Libraries.</subfield></datafield><datafield ind1="0" ind2=" " tag="730"><subfield code="a">Arabic Collections Online.</subfield></datafield><datafield ind1="0" ind2="8" tag="776"><subfield code="i">Print version:</subfield><subfield code="a">Abu&#772; al-Fad&#803;l al-T&#803;ihra&#772;ni&#772;, Mi&#772;rza&#772;, -1898.</subfield><subfield code="t">Di&#772;wa&#772;n Mi&#772;rza&#772; Abi&#772; al-Fad&#803;l al-T&#803;ihra&#772;ni&#772;</subfield><subfield code="w">(NNU)002854073</subfield></datafield><datafield ind1="4" ind2="0" tag="856"><subfield code="u">http://hdl.handle.net/2333.1/3r2282r6</subfield></datafield><datafield ind1="1" ind2=" " tag="880"><subfield code="6">100-01/</subfield><subfield code="a">&#1575;&#1576;&#1608; &#1575;&#1604;&#1601;&#1590;&#1604; &#1575;&#1604;&#1591;&#1607;&#1585;&#1575;&#1606;&#1610;&#1548; &#1605;&#1610;&#1585;&#1586;&#1575;&#1548;</subfield><subfield code="d">-1898.</subfield></datafield><datafield ind1="1" ind2="0" tag="880"><subfield code="6">240-02/</subfield><subfield code="a">&#1571;&#1588;&#1593;&#1575;&#1585;</subfield></datafield><datafield ind1="1" ind2="0" tag="880"><subfield code="6">245-03/</subfield><subfield code="a">&#1583;&#1610;&#1608;&#1575;&#1606; &#1605;&#1610;&#1585;&#1586;&#1575; &#1575;&#1576;&#1610; &#1575;&#1604;&#1601;&#1590;&#1604; &#1575;&#1604;&#1591;&#1607;&#1585;&#1575;&#1606;&#1610; /</subfield><subfield code="c">&#1583;&#1608;&#1606;&#1607; &#1608;&#1585;&#1578;&#1576;&#1607; &#1608;&#1607;&#1584;&#1576;&#1607; &#1608;&#1593;&#1604;&#1602; &#1581;&#1608;&#1575;&#1588;&#1610;&#1607; &#1608;&#1602;&#1583;&#1605; &#1604;&#1607; &#1608;&#1593;&#1606;&#1610;&#1609; &#1576;&#1578;&#1589;&#1581;&#1610;&#1581; &#1591;&#1576;&#1593;&#1607; &#1580;&#1604;&#1575;&#1604; &#1575;&#1604;&#1583;&#1610;&#1606; &#1575;&#1604;&#1581;&#1587;&#1610;&#1606;&#1610; &#1575;&#1604;&#1605;&#1588;&#1578;&#1607;&#1585; &#1576;&#1575;&#1604;&#1605;&#1581;&#1583;&#1579;.</subfield></datafield><datafield ind1=" " ind2=" " tag="880"><subfield code="6">260-04/</subfield><subfield code="a">&#1591;&#1607;&#1585;&#1575;&#1606; :</subfield><subfield code="b">&#1580;&#1604;&#1576; &#1585;&#1606;&#1711;&#1609;&#1606;&#1548;</subfield><subfield code="c">1369 [1949]</subfield></datafield><datafield ind1="1" ind2=" " tag="880"><subfield code="6">700-05/</subfield><subfield code="a">&#1605;&#1581;&#1583;&#1579;&#1548; &#1580;&#1604;&#1575;&#1604; &#1575;&#1604;&#1583;&#1609;&#1606; &#1581;&#1587;&#1609;&#1606;&#1609;</subfield></datafield><datafield ind1=" " ind2=" " tag="959"><subfield code="a">NNU</subfield><subfield code="b">WEB</subfield><subfield code="c">GENI</subfield><subfield code="t">0</subfield><subfield code="m">Electronic access</subfield><subfield code="s">01</subfield></datafield><datafield ind1=" " ind2=" " tag="999"><subfield code="i">NNU_002854073</subfield><subfield code="s">nyu_aco000118</subfield></datafield></record>